@inproceedings{conf/ndss/ArpSHGR14,
  added-at = {2018-01-16T00:00:00.000+0100},
  author = {Arp, Daniel and Spreitzenbarth, Michael and Hubner, Malte and Gascon, Hugo and Rieck, Konrad},
  biburl = {https://www.bibsonomy.org/bibtex/21804f3342677c21c883fd7125a733113/dblp},
  booktitle = {NDSS},
  ee = {https://www.ndss-symposium.org/ndss2014/drebin-effective-and-explainable-detection-android-malware-your-pocket},
  interhash = {b2fa414b6ff7a5f2d7a762ef6cf92102},
  intrahash = {1804f3342677c21c883fd7125a733113},
  keywords = {dblp},
  publisher = {The Internet Society},
  timestamp = {2018-01-17T11:37:55.000+0100},
  title = {DREBIN: Effective and Explainable Detection of Android Malware in Your Pocket.},
  url = {http://dblp.uni-trier.de/db/conf/ndss/ndss2014.html#ArpSHGR14},
  year = 2014
}

@misc{q3,
  title = {{Cybercrime Reaches New Heights in the Third Quarter}},
  howpublished = {\url{https://www.pandasecurity.com/mediacenter/pandalabs/pandalabs-q3/}},
  note = {Accessed: 2018-10-31}
}

@misc{symantec,
  title = {{Symantec - 2018 Internet Security Threat Report}},
  howpublished = {\url{https://www.symantec.com/security-center/threat-report}},
  note = {Accessed: 2018-10-31}
}

@misc{fbi,
  title = {{fbi.gov - Ransomware Prevention and Response for CISOs}},
  howpublished = {\url{https://www.pandasecurity.com/mediacenter/pandalabs/pandalabs-q3/}},
  note = {Accessed: 2018-10-31}
}

@inproceedings{bayes,
 author = {Frank, Eibe and Bouckaert, Remco R.},
 title = {Naive Bayes for Text Classification with Unbalanced Classes},
 booktitle = {Proceedings of the 10th European Conference on Principle and Practice of Knowledge Discovery in Databases},
 series = {PKDD'06},
 year = {2006},
 isbn = {3-540-45374-1, 978-3-540-45374-1},
 location = {Berlin, Germany},
 pages = {503--510},
 numpages = {8},
 url = {http://dx.doi.org/10.1007/11871637_49},
 doi = {10.1007/11871637_49},
 acmid = {2089908},
 publisher = {Springer-Verlag},
 address = {Berlin, Heidelberg},
} 


